@article{Aguiar2005,
	Author = {Aguiar M. nd Hurst E.},
	Journal = {Journal of political Economy},
	Number = {113},
	Pages = {919-948},
	Title = {Consumption versus expenditure},
	Year = {2005}}

@article{Aguiar2013,
	Author = {Aguiar M. and Hurst E.},
	Journal = {Journal of Political Economy},
	Number = {121},
	Pages = {437-492},
	Title = {Deconstructing life cycle expenditure},
	Year = {2013}}

@article{BanksBlundell,
	Author = {Banks J. and Blundell R. and Tanner, S.},
	Journal = {American Economic Review},
	Month = {September},
	Number = {88},
	Pages = {769-788},
	Title = { Is there a retirement-savings puzzle?},
	Year = {1998}}

@article{BernheimSkinner,
	Author = {Bernheim B. D. and Skinner, J. and Weinberg, S.i},
	Journal = {American Economic Review},
	Month = {September},
	Number = {91},
	Pages = {832-857},
	Title = {What accounts for the variation in retirement wealth among US households?},
	Year = {2001}}

@unpublished{GaudeckerEconProjectTemplates,
	Author = {Hans-Martin von Gaudecker},
	Note = {\url{https://doi.org/10.5281/zenodo.2533241}},
	Title = {Templates for Reproducible Research Projects in Economics},
	Year = {2019}}

@article{HaiderStephens,
	Author = {Haider S. J. and Stephens Jr M.},
	Journal = {The review of economics and statistics},
	Number = {89},
	Pages = {247-264},
	Title = {Is there a retirement-consumption puzzle? Evidence using subjective retirement expectations},
	Year = {2007}}

@article{Modigliani,
	Author = {Modigliani Franco and Richard Brumberg},
	Journal = {Post Keynesian Economics},
	Title = {Utility analysis and the consumption function},
	Year = {1954}}

@article{Schwerdt,
	Author = {Schwerdt, G.},
	Journal = {Economics Letters},
	Number = {89},
	Pages = {300-305},
	Title = {Why does consumption fall at retirement? Evidence from Germany},
	Year = {2005}}


